@book{gf,
  title={Fractal geometry: mathematical foundations and applications. Third Edition},
  author={Falconer, Kenneth},
  year={2014},
  publisher={John Wiley \& Sons}
}

@article{naples2020,
  title={Rectifiability of pointwise doubling measures in Hilbert space},
  author={Naples, Lisa},
  journal={arXiv preprint arXiv:2002.07570},
  year={2020}
}