@book{de2008rectifiable,
  title={Rectifiable sets, densities and tangent measures},
  author={De Lellis, Camillo},
  volume={7},
  year={2008},
  publisher={European Mathematical Society}
}

@article{naples2020rectifiability,
  title={Rectifiability of pointwise doubling measures in Hilbert space},
  author={Naples, Lisa},
  journal={arXiv preprint arXiv:2002.07570},
  year={2020}
}

@book{mattila1999geometry,
  title={Geometry of sets and measures in Euclidean spaces: fractals and rectifiability},
  author={Mattila, Pertti},
  number={44},
  year={1999},
  publisher={Cambridge university press}
}
